@Book{percent,
}

@Book{digital_pic_1,
}

@Book{digital_pic_2,
}

@Book{model,
}

@Book{frequency,
}

@Book{example,
}

@Book{mnk,
}

@Book{senov,
}

@book{cnn,
}

@book{cnn2,
}

@book{cnn3,
}

@book{patch,
}

@book{pav,
}

@book{map,
}

@book{pocs,
}
  
@book{pocs2,
}

@book{p,
}

@book{n1,
}

@book{n2,
}

@book{n3,
}

@book{svertka,
}

@book{conv,
}

@book{uml,
}

@book{metrics,
}

@book{metrics2,
}

@book{train,
}

@book{train2,
}

@book{train3,
}

@book{train4,
}

@book{residual,
}

@book{layers,
}

@book{layers2,
}