@Book{percent,
	author    = {Раков, Д. Л.},
	publisher = {Институт машиноведения им. А.А. Благонравова РАН},
	title     = {Морфологический анализ и синтез невозможных объектов},
	year      = {2014}
}

@Book{digital_pic_1,
	author = {Гришенцев, А. Ю. and Коробейников, А. Г.},
	title = {Методы и модели цифровой обработки изображений},
	year = {2014}
}

@Book{digital_pic_2,
	author = {Гонсалес, Р. and Вудс, Р.},
	publisher = {Litres}, 
	title = {Цифровая обработка изображений},
	year = {2022}
}

@Book{model,
	author = {Насонов А. В. and Крылов А. С.},
	publisher = {Труды.}, 
	title = {Super-resolution image reconstruction: a technical overview},
	year = {2010}
}

@Book{frequency,
	author = {Park, S. C. and Park, M. K. and Kang, M. G.},
	publisher = {IEEE signal processing magazine}, 
	title = {Super-resolution image reconstruction: a technical overview},
	year = {2003}
}

@Book{example,
	author = {Freeman, W. T. and Jones, T. R. and Pasztor, E. C.},
	publisher = {IEEE Computer graphics and Applications}, 
	title = {Example-based super-resolution},
	year = {2002}
}



@Book{mnk,
	author = {Насонов А. В. and Крылов А. С.},
	publisher = {Труды.}, 
	title = {Super-resolution image reconstruction: a technical overview},
	year = {2010}
}

@Book{senov,
	author = {Сенов, А. А.},
	publisher = {Санкт~--~Петербургский государственный университет}, 
	title = {Глубокое обучение в задаче реконструкции суперразрешения изображений},
	year = {2017}
}

@book{cnn,
    author = {Бредихин, А. И},
    title = {Алгоритмы обучения сверточных нейронных сетей},
    publisher = {Вестник Югорского государственного университета.},
    year = 2019
}

@book{cnn2,
    author = {Umeharam K. and Otam J. and Ishida, T},
    title = {Application of super-resolution convolutional neural network for enhancing image resolution in chest CT},
    publisher = {Journal of digital imaging},
    year = 2018
}

@book{cnn3,
    author = {Umeharam K. and Otam J. and Ishida, T},
    title = {Application of super-resolution convolutional neural network for enhancing image resolution in chest CT},
    publisher = {Journal of digital imaging},
    year = 2018
}

@book{patch,
    author = {Umeharam K. and Otam J. and Ishida, T},
    title = {Application of super-resolution convolutional neural network for enhancing image resolution in chest CT},
    publisher = {Journal of digital imaging},
    year = 2018
}

@book{pav,
    author = {Umeharam K. and Otam J. and Ishida, T},
    title = {Application of super-resolution convolutional neural network for enhancing image resolution in chest CT},
    publisher = {Journal of digital imaging},
    year = 2018
}

@book{map,
    author = {Umeharam K. and Otam J. and Ishida, T},
    title = {Application of super-resolution convolutional neural network for enhancing image resolution in chest CT},
    publisher = {Journal of digital imaging},
    year = 2018
}

@book{pocs,
    author = {Fan, C.},
    title = {POCS Super-resolution sequence image reconstruction based on improvement approach of Keren registration method},
    publisher = {Sixth International Conference on Intelligent Systems Design and Applications.},
    year = 2006,
}
  
@book{pocs2,
    author = {Stark H., Oskoui P.},
    title = {High-resolution image recovery from image-plane arrays, using convex projections},
    publisher = {JOSA A},
    year = 1989
}

@book{p,
    author = {Stark H., Oskoui P.},
    title = {High-resolution image recovery from image-plane arrays, using convex projections},
    publisher = {JOSA A},
    year = 1989
}

@book{n1,
    author = {Stark H., Oskoui P.},
    title = {High-resolution image recovery from image-plane arrays, using convex projections},
    publisher = {JOSA A},
    year = 1989
}

@book{n2,
    author = {Stark H., Oskoui P.},
    title = {High-resolution image recovery from image-plane arrays, using convex projections},
    publisher = {JOSA A},
    year = 1989
}

@book{n3,
    author = {Stark H., Oskoui P.},
    title = {High-resolution image recovery from image-plane arrays, using convex projections},
    publisher = {JOSA A},
    year = 1989
}